% This file was created with JabRef 2.10.
% Encoding: Cp1252


@Article{lucyAstro1974,
  Title                    = {An iterative technique for the rectification of observed distributions},
  Author                   = {Lucy, L. B.},
  Journal                  = {The Astronomical Journal},
  Year                     = {1974},

  Month                    = jun,
  Pages                    = {745},
  Volume                   = {79},

  Doi                      = {10.1086/111605}
}

@Article{TainOtt2007,
  Title                    = {Algorithms for the analysis of $\beta{}$-decay total absorption spectra},
  Author                   = {J.L. Tain and D. Cano-Ott},
  Journal                  = {NIMA},
  Year                     = {2007},
  Number                   = {3},
  Pages                    = {728 - 738},
  Volume                   = {571},

  Doi                      = {https://doi.org/10.1016/j.nima.2006.10.098},
  ISSN                     = {0168-9002},
  Keywords                 = {-decay strength distribution, Total absorption gamma-ray spectroscopy, Solution of ill-posed inverse problems},
  Url                      = {http://www.sciencedirect.com/science/article/pii/S0168900206018985}
}

